@online{ wiki:syt,
	title = {Systemtechnik},
	author = {Wikipedia Autoren},
	url = {https://de.wikipedia.org/wiki/Systemtechnik},
	organization = {Wikipedia},
	note = {07.03.2018}
}
@online{ sveltekit,
    title = {SvelteKit},
    author = {Svelte Contributors},
    url = {https://kit.svelte.dev/},
    note = {15.03.2024}
}
@online{ sveltekit:serviceworker,
    title = {Service workers},
    author = {Svelte Contributors},
    url = {https://kit.svelte.dev/docs/service-workers},
    note = {15.03.2024}
}
@online{ svelte,
    title = {Svelte},
    author = {Svelte Contributors},
    url = {https://svelte.dev/},
    note = {15.03.2024}
}
@online{ couchdb,
    title = {CouchDB},
    author = {Apache Software Foundation},
    url = {https://couchdb.apache.org/},
    note = {15.03.2024}
}
@online{ couchdb:overview,
    title = {CouchDB technical overview},
    author = {Apache Software Foundation},
    url = {https://docs.couchdb.org/en/stable/intro/overview.html},
    note = {15.03.2024}
}
@online{ pouchdb,
    title = {PouchDB},
    author = {PouchDB Contributors},
    url = {https://pouchdb.com/},
    note = {15.03.2024}
}
@online{ pouchdb:about,
    title = {About PouchDB},
    author = {PouchDB Contributors},
    url = {https://pouchdb.com/learn.html},
    note = {15.03.2024}
}
@online{ syt-exercises:mobile-application,
    title = {Mobile Application},
    author = {Michael Borko},
    url = {https://github.com/TGM-HIT/syt-exercises/blob/main/docs/dezentraleSysteme_/sem10_mobileDienste_mobile-application/TASK.md},
    note = {15.03.2024}
}
@online{ shopping-list:architecture,
    title = {Architecture},
    author = {Glynn Bird},
    url = {https://github.com/mborko/shopping-list/blob/master/doc/source/images/architecture.png},
    note = {15.03.2024}
}
